@book{baskakov,
    author    = "Баскаков А. Г.",
    title     = "Лекции по алгебре",
    year      = "2013",
    address   = "Воронеж",
    publisher = "Издательско-полиграфический центр Воронежского государственного университета",
    numpages  = "159",
    language  = "russian"
}